
%
@online{WHO2016,
  title = {The top 10 causes of death},
  url = {https://www.who.int/news-room/fact-sheets/detail/the-top-10-causes-of-death/},
  abstract = {The top 10 causes of death.},
  urldate = {2018-05-24},
  journal = {WHO Fact sheets},
  author = {WHO},
  year = 2019,
  month = April
}
%%

@online{TAC2019,
  title = {Lives Lost - Year to Date},
  url = {http://www.tac.vic.gov.au/road-safety/statistics/lives-lost-year-to-date},
  abstract = {Lives Lost - Year to Date},
  urldate = {2019-4-20},
  journal = {TAC Road Safety Report},
  author = {TAC},
  year = 2019,
  month = April
}
%% 

@online{dataWranglingTomar,
  title = {A Comprehensive Introduction to Data Wrangling},
  url = {https://www.springboard.com/blog/data-wrangling/},
  abstract = {A Comprehensive Introduction to Data Wrangling},
  urldate = {2019-4-20},
  journal = {https://www.springboard.com},
  author = {Shubham Simar Tomar},
  year = 2019,
  month = April
}

%%

@online{MetaData,
  title = {Crash Stats - Data Extract - Open Data},
  url = {http://data.vicroads.vic.gov.au/metadata/Crash\%20Stats\%20-\%20Data\%20Extract\%20-\%20Open\%20Data.html},
  abstract = {metadata of the dataset},
  urldate = {2019-4-20},
  journal = {https://www.data.vic.gov.au/},
  author = {VicRoads},
  year = 2019,
  month = April
}